<record><leader>00000cas a2200000 a 4500</leader><controlfield tag="001">33533219</controlfield><controlfield tag="008">951118d199u199uwaumr ne      0    0eng c</controlfield><datafield ind1=" " ind2=" " tag="010"><subfield code="a">  2002253104</subfield></datafield><datafield ind1=" " ind2=" " tag="040"><subfield code="a">UOK</subfield><subfield code="b">eng</subfield><subfield code="c">UOK</subfield><subfield code="d">WAU</subfield><subfield code="d">OCLCQ</subfield><subfield code="d">WAU</subfield><subfield code="d">CUV</subfield><subfield code="d">OCLCQ</subfield><subfield code="d">OCLCF</subfield><subfield code="d">OCLCO</subfield></datafield><datafield ind1="1" ind2=" " tag="029"><subfield code="a">AU@</subfield><subfield code="b">000024078954</subfield></datafield><datafield ind1=" " ind2=" " tag="042"><subfield code="a">pcc</subfield></datafield><datafield ind1=" " ind2=" " tag="043"><subfield code="a">n-us-wa</subfield></datafield><datafield ind1=" " ind2=" " tag="090"><subfield code="a">HQ75</subfield><subfield code="b">.L734</subfield></datafield><datafield ind1="0" ind2="0" tag="245"><subfield code="a">LRC community news.</subfield></datafield><datafield ind1="3" ind2="0" tag="246"><subfield code="a">Community news</subfield></datafield><datafield ind1="3" ind2=" " tag="246"><subfield code="a">Lesbian Resource Center community news</subfield></datafield><datafield ind1="1" ind2="3" tag="246"><subfield code="a">LRCCN</subfield></datafield><datafield ind1=" " ind2=" " tag="260"><subfield code="a">Seattle, WA :</subfield><subfield code="b">Lesbian Resource Center</subfield></datafield><datafield ind1=" " ind2=" " tag="300"><subfield code="a">v. :</subfield><subfield code="b">ill. ;</subfield><subfield code="c">45 cm.</subfield></datafield><datafield ind1=" " ind2=" " tag="310"><subfield code="a">Monthly</subfield></datafield><datafield ind1=" " ind2=" " tag="515"><subfield code="a">Issues for Dec. 1994-&lt;Feb. 1996&gt; called also v. 14, issue 3-&lt;5&gt;</subfield></datafield><datafield ind1=" " ind2=" " tag="588"><subfield code="a">Description based on: Feb. 1992.</subfield></datafield><datafield ind1=" " ind2=" " tag="588"><subfield code="a">Latest issue consulted: Vol. 14, issue 5 (Feb. 1996).</subfield></datafield><datafield ind1=" " ind2="0" tag="650"><subfield code="a">Lesbians</subfield><subfield code="z">Washington (State)</subfield><subfield code="z">Seattle Metropolitan Area</subfield><subfield code="v">Newspapers.</subfield></datafield><datafield ind1=" " ind2="0" tag="650"><subfield code="a">Lesbian community</subfield><subfield code="z">Washington (State)</subfield><subfield code="z">Seattle Metropolitan Area</subfield><subfield code="v">Newspapers.</subfield></datafield><datafield ind1=" " ind2="0" tag="650"><subfield code="a">Gay rights</subfield><subfield code="z">United States</subfield><subfield code="v">Newspapers.</subfield></datafield><datafield ind1=" " ind2="0" tag="650"><subfield code="a">Lesbians</subfield><subfield code="v">Newspapers.</subfield></datafield><datafield ind1=" " ind2="0" tag="650"><subfield code="a">Lesbianism</subfield><subfield code="v">Newspapers.</subfield></datafield><datafield ind1=" " ind2="0" tag="650"><subfield code="a">Lesbians' writings, American</subfield><subfield code="v">Newspapers.</subfield></datafield><datafield ind1="2" ind2="0" tag="610"><subfield code="a">Lesbian Resource Center (Seattle, Wash.)</subfield><subfield code="v">Newspapers.</subfield></datafield><datafield ind1=" " ind2="0" tag="650"><subfield code="a">Lesbians</subfield><subfield code="x">History</subfield><subfield code="v">Newspapers.</subfield></datafield><datafield ind1=" " ind2="0" tag="650"><subfield code="a">Homophobia</subfield><subfield code="z">United States</subfield><subfield code="v">Newspapers.</subfield></datafield><datafield ind1=" " ind2="7" tag="655"><subfield code="a">Gay newspapers</subfield><subfield code="z">Washington (State)</subfield><subfield code="z">Seattle.</subfield><subfield code="2">ngl</subfield></datafield><datafield ind1=" " ind2="7" tag="655"><subfield code="a">History.</subfield><subfield code="2">fast</subfield><subfield code="0">(OCoLC)fst01411628</subfield></datafield><datafield ind1=" " ind2="7" tag="655"><subfield code="a">Newspapers.</subfield><subfield code="2">fast</subfield><subfield code="0">(OCoLC)fst01423814</subfield></datafield><datafield ind1="2" ind2="7" tag="610"><subfield code="a">Lesbian Resource Center (Seattle, Wash.)</subfield><subfield code="2">fast</subfield><subfield code="0">(OCoLC)fst00689856</subfield></datafield><datafield ind1=" " ind2="7" tag="650"><subfield code="a">Gay rights.</subfield><subfield code="2">fast</subfield><subfield code="0">(OCoLC)fst00939213</subfield></datafield><datafield ind1=" " ind2="7" tag="650"><subfield code="a">Homophobia.</subfield><subfield code="2">fast</subfield><subfield code="0">(OCoLC)fst00959727</subfield></datafield><datafield ind1=" " ind2="7" tag="650"><subfield code="a">Lesbian community.</subfield><subfield code="2">fast</subfield><subfield code="0">(OCoLC)fst01432151</subfield></datafield><datafield ind1=" " ind2="7" tag="650"><subfield code="a">Lesbianism.</subfield><subfield code="2">fast</subfield><subfield code="0">(OCoLC)fst00996514</subfield></datafield><datafield ind1=" " ind2="7" tag="650"><subfield code="a">Lesbians.</subfield><subfield code="2">fast</subfield><subfield code="0">(OCoLC)fst00996540</subfield></datafield><datafield ind1=" " ind2="7" tag="650"><subfield code="a">Lesbians' writings, American.</subfield><subfield code="2">fast</subfield><subfield code="0">(OCoLC)fst00996595</subfield></datafield><datafield ind1=" " ind2="7" tag="651"><subfield code="a">United States.</subfield><subfield code="2">fast</subfield><subfield code="0">(OCoLC)fst01204155</subfield></datafield><datafield ind1=" " ind2="7" tag="651"><subfield code="a">Washington (State)</subfield><subfield code="z">Seattle Metropolitan Area.</subfield><subfield code="2">fast</subfield><subfield code="0">(OCoLC)fst01351361</subfield></datafield><datafield ind1="2" ind2=" " tag="710"><subfield code="a">Lesbian Resource Center (Seattle, Wash.)</subfield></datafield><datafield ind1=" " ind2=" " tag="752"><subfield code="a">United States</subfield><subfield code="b">Washington</subfield><subfield code="c">King</subfield><subfield code="d">Seattle.</subfield></datafield><datafield ind1="0" ind2="0" tag="780"><subfield code="t">Lesbian Resource Center community news</subfield><subfield code="w">(DLC)  2002253103</subfield><subfield code="w">(OCoLC)42347532</subfield></datafield><datafield ind1="0" ind2="0" tag="785"><subfield code="t">LRC news (Seattle, Wash.)</subfield><subfield code="w">(DLC)  2002253105</subfield><subfield code="w">(OCoLC)35219004</subfield></datafield></record>